@article{Nesterov:DoklAkadNaukSssr:1983,
	author = {Nesterov, Yurii},
	title = {A method of solving a convex programming problem with convergence rate O (1/k2)},
	journal = {Dokl. Akad. Nauk SSSR},
	uuid = {4CF98772-A745-4877-9630-9047F4D33F3C},
	volume = {269},
	number = {3},
	pages = {543-547},
	year = {1983},
	url = {},
	keywords = {Distributed Primal-dual},
	tags = {Distributed Primal-dual},
	Citation_identifier = {Nesterov 1983}
}
@book{Boyd:ConvexOptimization:2004,
  author = {Boyd, Stephen P.  and Vandenberghe, Lieven},
  title = {Convex optimization},
  uuid = {8221F749-37A6-4CF1-8DDE-4C0B74D1039B},
  publisher = {Cambridge University Press},
  address = {Cambridge, UK ; New York},
  year = {2004},
  sentelink = {{http://www.loc.gov/catdir/description/cam041/2003063284.html},DublinCore,Web page},
  sentelink = {{http://www.loc.gov/catdir/toc/cam041/2003063284.html},DublinCore,Web page},
  sentelink = {{http://www.loc.gov/catdir/enhancements/fy0732/2003063284-b.html},DublinCore,Web page},
  url = {},
  keywords = {Mathematical optimization;Distributed Primal-dual;Convex functions},
  tags = {Distributed Primal-dual},
  All_ISBNs = {0521833787},
  Web_data_source = {Library of Congress or OCLC Worldcat},
  Citation_identifier = {Boyd 2004},
  publicationStatus = {Published},
  abstract = {Includes bibliographical references (p. [685]-696) and index}
}
@book{Bertsekas:ConvexOptimizationTheory:2009,
  author = {Bertsekas, Dimitri P.},
  title = {Convex optimization theory},
  uuid = {4692C2DB-1D95-4118-8D83-EE4AEDE3C5A9},
  publisher = {Athena Scientific},
  year = {2009},
  RIS_reference_number = {451732175},
  url = {},
  keywords = {Distributed Primal-dual},
  tags = {Distributed Primal-dual},
  All_ISBNs = {9781886529311 1886529310},
  Web_data_source = {Library of Congress or OCLC Worldcat},
  Citation_identifier = {Bertsekas 2009},
  publicationStatus = {Published}
}