@book{국토교통부2016주거,
  annote = {향후 거주 희망 주택유형 2016년 전국 아파트 10,192,383 가구
(총 19,111,030 가구 중 53.3%, 저밀도 아파트 5,417,900 + 고밀도 아파트 4,774,483)
가구주 연령 20대 70.9%, 30대 73.4%, 40대 63.2%},
  author = {국토교통부},
  title  = {2016년도 주거실태조사 통계보고서},
  url    = {http://stat.molit.go.kr/portal/cate/statMetaView.do?hRsId=327},
  year   = {2016}
}

@book{전봉희2012한옥과,
  author    = {전봉희 and 권용찬},
  pages     = {197--200},
  publisher = {동녘},
  title     = {한옥과 한국 주택의 역사},
  year      = {2012}
}

@book{Goodfellow-et-al-2016,
  title     = {Deep Learning},
  author    = {Ian Goodfellow and Yoshua Bengio and Aaron Courville},
  publisher = {MIT Press},
  note      = {\url{http://www.deeplearningbook.org}},
  year      = {2016}
}

@book{hanson2003decoding,
  title     = {Decoding homes and houses},
  author    = {Hanson, Julienne},
  year      = {2003},
  publisher = {Cambridge university press}
}

@book{hillier1989social,
  title     = {The social logic of space},
  author    = {Hillier, Bill and Hanson, Julienne},
  year      = {1989},
  publisher = {Cambridge university press}
}

@mastersthesis{Chaillou2019,
  author = {Chaillou, Stanislas},
  school = {Harvard University},
  title  = {{AI + Architecture}},
  url    = {https://www.academia.edu/39599650/},
  year   = {2019}
}

@book{손세관2016이집:근,
  publisher = {열화당},
  isbn      = {9788930105415},
  year      = {2016},
  title     = {이십세기 집합주택 : 근대 공동주거 백 년의 역사},
  language  = {kor},
  author    = {손세관},
  keywords  = {Housing -- History -- 20th century; Housing development -- History -- 20th century; Architecture, Domestic}
}

@book{이진경2007근주탄/,
  publisher = {그린비},
  isbn      = {9788976827074},
  year      = {2007},
  title     = {근대적 주거공간의 탄생},
  edition   = {개정판..},
  language  = {kor},
  author    = {이진경}
}

@book{박해천2011콘유/지,
  publisher = {자음과모음},
  isbn      = {9788957075500},
  year      = {2011},
  title     = {콘크리트 유토피아},
  language  = {kor},
  author    = {박해천},
  series    = {하이브리드 총서 ; 2}
}

@book{박용환2010한,
  publisher = {기문당},
  isbn      = {9788962251869},
  year      = {2010},
  title     = {한국근대주거론},
  language  = {kor},
  author    = {박용환}
}

@book{GelézeauValérie2004한아:서,
  publisher = {아연},
  isbn      = {8990769140},
  year      = {2004},
  title     = {한국의 아파트연구 : 서울지역 7개 아파트단지의 경관분석을 중심으로},
  language  = {kor},
  author    = {Gelézeau, Valérie},
  keywords  = {City planning -- Korea (South) -- Seoul; Housing policy -- Korea (South) -- Seoul; Urban policy -- Korea (South) -- Seoul},
  series    = {아연 동아시아연구총서 ; 13}
}

@book{최윤경20037키읽건,
  publisher = {시공문화사},
  isbn      = {8955920121},
  year      = {2003},
  title     = {(7개의 키워드로 읽는)사회와 건축공간},
  language  = {kor},
  author    = {최윤경}
}

@book{전남일2010한주공/,
  publisher = {돌베개},
  isbn      = {9788971994177},
  year      = {2010},
  title     = {한국 주거의 공간사},
  language  = {kor},
  author    = {전남일},
  series    = {한국 근현대 주거의 역사 ; 3}
}

@book{전남일2009한주미/,
  publisher = {돌베개},
  isbn      = {9788971993668},
  year      = {2009},
  title     = {한국 주거의 미시사},
  language  = {kor},
  author    = {전남일},
  keywords  = {Housing -- -- Korea (South) -- -- History -- -- 20th century; Architecture, Domestic; Dwellings -- -- Social aspects},
  series    = {한국 근현대 주거의 역사 2}
}

@book{전남일2015집:집공,
  publisher = {돌베개},
  isbn      = {9788971997055},
  year      = {2015},
  title     = {집 : 집의 공간과 풍경은 어떻게 달라져 왔을까},
  language  = {kor},
  author    = {전남일}
}

@book{2008한주사/,
  publisher = {돌베개},
  isbn      = {9788971993194},
  year      = {2008},
  title     = {한국 주거의 사회사},
  language  = {kor},
  author    = {전남일 and 손세관 and 양세화 and 홍형옥},
  series    = {한국 근현대 주거의 역사 1}
}

@book{2002주4/대,
  publisher = {대한주택공사},
  year      = {2002},
  title     = {주택도시 40년},
  author    = {대한주택공사},
  language  = {kor}
}

@book{2009토/L국,
  journal   = {토지주택핸드북},
  publisher = {한국토지주택공사 국토주택정보처},
  year      = {2009},
  title     = {토지주택핸드북},
  author    = {한국토지주택공사 국토주택정보처},
  language  = {kor}
}

@book{1999한공역/,
  publisher = {世進社},
  isbn      = {8971215224},
  year      = {1999},
  title     = {한국 공동주택계획의 역사},
  author    = {공동주택연구회},
  language  = {kor}
}

@book{2005현공사,
  publisher = {한울},
  isbn      = {8946034904},
  year      = {2005},
  title     = {현대 공간이론의 사상가들},
  language  = {kor},
  author    = {국토연구원},
  keywords  = {공간 개념[空間槪念]; 도시 생태학[都市生態學]; 도시 계획[都市計劃]--도시건축;지역개발;생태계획론},
  series    = {한울아카데미 ; 820}
}

@book{GelézeauValérie2007아공:프,
  publisher = {후마니타스},
  isbn      = {899010632X},
  year      = {2007},
  title     = {아파트 공화국 : 프랑스 지리학자가 본 한국의 아파트},
  language  = {kor},
  author    = {Gelézeau, Valérie},
  keywords  = {City planning -- Korea (South) -- Seoul; Urban policy -- Korea (South) -- Seoul; Housing policy -- Korea (South) -- Seoul}
}

@book{전상인2009아미:현,
  publisher = {디자인하우스},
  isbn      = {9788996125228},
  year      = {2009},
  title     = {아파트에 미치다 : 현대한국의 주거사회학},
  language  = {kor},
  author    = {전상인}
}

@book{장림종2009대아발:,
  publisher = {효형},
  isbn      = {9788958720782},
  year      = {2009},
  title     = {대한민국 아파트 발굴사 : 종암에서 힐탑까지, 1세대 아파트 탐사의 기록},
  language  = {kor},
  author    = {장림종}
}

@book{최두호2010아새디,
  publisher = {건축도시공간연구소 : auri},
  isbn      = {9788993216547},
  year      = {2010},
  title     = {아파트를 새롭게 디자인하라},
  language  = {kor},
  author    = {최두호},
  keywords  = {아파트디자인;아파트},
  series    = {auri 지식정책총서 ; 2}
}

@book{박해천2013아게:그,
  publisher = {휴머니스트},
  isbn      = {9788958626565},
  year      = {2013},
  title     = {아파트 게임 : 그들이 중산층이 될 수 있었던 이유},
  language  = {kor},
  author    = {박해천}
}

@book{박인석2013아한:단,
  publisher = {현암사},
  isbn      = {9788932316703},
  year      = {2013},
  title     = {아파트 한국사회 : 단지 공화국에 갇힌 도시와 일상},
  language  = {kor},
  author    = {박인석},
  keywords  = {한국사회}
}

@book{박철수2006아문/박,
  publisher = {살림},
  isbn      = {8952204956},
  year      = {2006},
  title     = {아파트의 문화사},
  language  = {kor},
  author    = {박철수},
  series    = {살림지식총서 ; 224}
}

