@misc{통계청2018주택의,
  annote = {2017년 전국 아파트 10,375,363 호 (총 주택 17,122,573 호 중)},
  author = {통계청},
  title  = {주택의 종류별 주택--읍면동(2015), 시군구(2016{\~{}})},
  url    = {http://kosis.kr/statHtml/statHtml.do?orgId=101&tblId=DT_1JU1501},
  year   = {2018}
}

@article{한겨레1999마침내,
  title   = {마침내 `아파트 공화국'},
  url     = {https://newslibrary.naver.com/viewer/index.nhn?articleId=1999081000289117001},
  journal = {한겨레신문},
  author  = {이제훈 and 이종규},
  year    = {1999},
  month   = {Aug},
  pages   = {17},
  annote  = {르 코르뷔지에의 '빛나는 도시'
      서구 국가들에서 '가난한 노동자들 집'의 동의어
      드디어(?) 한국인의 지배적 주거형태
      '근대화한 주택의 완성된 형태' (장세훈 국회 건설교통위원회 입법조사관)
      '도시적 쾌적함의 상징' (청와대 삶의 질 기획단 김수현 박사)
      한강변: 아파트 장벽, 산꼭대기: 회색 콘크리트 더미, 재개발 갈등: 원주민 재입주 18.8% (젠트리피케이션)
      "주택보급률이 높아지며 아파트 건설 추세는 둔화할 것이다. 그러나 ... 아파트 선호 경향은 상당 기간 계속될 것이다." (김수현 박사)
      "싱가포르 말고는 우리처럼 고층으로 아파트를 찍어내는 나라는 없다" (주택공사 부설 주택연구소 박광재 연구원)
    }
}

@article{anderson2008end,
  author  = {Anderson, Chris},
  journal = {Wired magazine},
  title   = {{The end of theory: The data deluge makes the scientific method obsolete}},
  url     = {https://www.wired.com/2008/06/pb-theory/},
  year    = {2008}
}

@misc{Piatetsky-Shapiro2016,
  author = {Piatetsky-Shapiro, Gregory},
  title  = {{Data science Venn diagram}},
  url    = {https://www.kdnuggets.com/2016/03/data-science-puzzle-explained.html},
  year   = {2016}
}

@misc{ProjectOpenData2014,
  annote  = {
      A dataset is an identifiable collection of structured data objects unified by some criteria (authorship, subject, scope, spatial or temporal extent{\ldots}).
      A catalog is a collection of descriptions of datasets; each description is a metadata record.
    },
  author  = {{Project Open Data}},
  title   = {{Project Open Data Metadata Schema v1.1}},
  url     = {https://project-open-data.cio.gov/v1.1/schema/},
  urldate = {2019-12-02},
  year    = {2014}
}

@misc{naverland,
  title   = {네이버 부동산},
  year    = {2017},
  author  = {{NAVER Corp.}},
  url     = {https://land.naver.com/},
  urldate = {2017-5-24}
}

