@book{Cousteau1963,
abstract = {In The Living Sea Jacques Yves Cousteau describes the rich and exciting progress made in exploring life under water by the numerous scientific expeditions which he has been directing since, in his earlier book, The Silent World, he wrote this classic account of man's first experience on the continent below the sea.},
address = {London},
author = {{Cousteau Jacques} and {Dugan James}},
pages = {1--212},
publisher = {Hamish Hamilton},
title = {{The Living Sea: by Jacques-Yves Cousteau}},
type = {Book},
year = {1963}
}

@article{Lipson2017,
	title = {Efficiently modelling urban heat storage: an interface conduction scheme in an urban land surface model ({aTEB} v2.0)},
	volume = {10},
	issn = {1991-9603},
	shorttitle = {Efficiently modelling urban heat storage},
	url = {http://www.geosci-model-dev.net/10/991/2017/},
	doi = {10.5194/gmd-10-991-2017},
	number = {2},
	urldate = {2017-03-01},
	journal = {Geosci. Model Dev.},
	author = {Lipson, M. J. and Hart, M. A. and Thatcher, M.},
	month = mar,
	year = {2017},
	pages = {991--1007}}
}

@article{김태석2018국내,
  title={국내 아파트 관련 연구의 연구주제 시계열 분석},
  author={김태석 and 박종모 and 박유진 and 한동석},
  journal={대한건축학회 논문집-계획계},
  volume={34},
  number={3},
  pages={45--52},
  year={2018}
}