@article{opencv_library,
  author               = {Bradski, G.},
  citeulike-article-id = {2236121},
  journal              = {Dr. Dobb's Journal of Software Tools},
  posted-at            = {2008-01-15 19:21:54},
  priority             = {4},
  title                = {{The OpenCV Library}},
  year                 = {2000}
}

@misc{Rosebrock2018,
  annote    = {SmallerVGGNet},
  author    = {Rosebrock, Adrian},
  booktitle = {PyImageSearch},
  title     = {{Keras and Convolutional Neural Networks (CNNs)}},
  url       = {https://www.pyimagesearch.com/2018/04/16/keras-and-convolutional-neural-networks-cnns/},
  urldate   = {2019-08-30},
  year      = {2018}
}

@inproceedings{dhillon2001co,
  title     = {Co-clustering documents and words using bipartite spectral graph partitioning},
  author    = {Dhillon, Inderjit S},
  booktitle = {Proceedings of the seventh ACM SIGKDD international conference on Knowledge discovery and data mining},
  pages     = {269--274},
  year      = {2001}
}

@article{scikit-learn,
  title   = {Scikit-learn: Machine Learning in {P}ython},
  author  = {Pedregosa, F. and Varoquaux, G. and Gramfort, A. and Michel, V.
         and Thirion, B. and Grisel, O. and Blondel, M. and Prettenhofer, P.
         and Weiss, R. and Dubourg, V. and Vanderplas, J. and Passos, A. and
         Cournapeau, D. and Brucher, M. and Perrot, M. and Duchesnay, E.},
  journal = {Journal of Machine Learning Research},
  volume  = {12},
  pages   = {2825--2830},
  year    = {2011}
}

@misc{scikit-learndevelopers2019,
  author = {{scikit-learn developers}},
  title  = {{Classifier comparison}},
  url    = {https://scikit-learn.org/stable/auto_examples/classification/plot_classifier_comparison.html},
  year   = {2019}
}

@misc{scikit2020demo,
  author  = {{scikit-learn developers}},
  title   = {{A demo of the Spectral Co-Clustering algorithm}},
  url     = {https://scikit-learn.org/stable//auto{\_}examples/bicluster/plot{\_}spectral{\_}coclustering.html{\#}sphx-glr-auto-examples-bicluster-plot-spectral-coclustering-py},
  urldate = {2020-11-29},
  year    = {2020}
}

@misc{scikit2020biclustering,
  author = {{scikit-learn developers}},
  title  = {{Biclustering}},
  url    = {https://scikit-learn.org/stable/modules/biclustering.html},
  year   = {2020}
}

@inproceedings{sculley2010web,
  title     = {Web-scale k-means clustering},
  author    = {Sculley, David},
  booktitle = {Proceedings of the 19th international conference on World wide web},
  pages     = {1177--1178},
  year      = {2010}
}
